<record><leader>00000cas a2200000 a 4500</leader><controlfield tag="001">32854256</controlfield><controlfield tag="008">950721d185918uufluuu ne      0    0eng c</controlfield><datafield ind1=" " ind2=" " tag="010"><subfield code="a">sn 95026895 </subfield></datafield><datafield ind1=" " ind2=" " tag="040"><subfield code="a">FUG</subfield><subfield code="b">eng</subfield><subfield code="c">FUG</subfield><subfield code="d">OCL</subfield><subfield code="d">OCLCQ</subfield><subfield code="d">OCLCF</subfield><subfield code="d">OCLCO</subfield></datafield><datafield ind1=" " ind2=" " tag="012"><subfield code="i">9507</subfield></datafield><datafield ind1=" " ind2=" " tag="042"><subfield code="a">pcc</subfield></datafield><datafield ind1=" " ind2=" " tag="043"><subfield code="a">n-us-fl</subfield></datafield><datafield ind1="0" ind2="0" tag="245"><subfield code="a">Cedar Keys telegraph.</subfield></datafield><datafield ind1=" " ind2=" " tag="260"><subfield code="a">Cedar Keys [Fla. :</subfield><subfield code="b">s.n.]</subfield></datafield><datafield ind1=" " ind2=" " tag="300"><subfield code="a">v.</subfield></datafield><datafield ind1="1" ind2=" " tag="362"><subfield code="a">Began in 1859.</subfield></datafield><datafield ind1=" " ind2=" " tag="500"><subfield code="a">E.M. Graham, editor.</subfield></datafield><datafield ind1=" " ind2=" " tag="588"><subfield code="a">Description based on: Vol. 1, no. 5 (Dec. 17, 1859).</subfield></datafield><datafield ind1=" " ind2=" " tag="588"><subfield code="a">Latest issue consulted: Vol. 1, no. 6 (Dec. 28, 1859).</subfield></datafield><datafield ind1=" " ind2="0" tag="651"><subfield code="a">Cedar Key (Fla.)</subfield><subfield code="v">Newspapers.</subfield></datafield><datafield ind1=" " ind2="0" tag="651"><subfield code="a">Levy County (Fla.)</subfield><subfield code="v">Newspapers.</subfield></datafield><datafield ind1=" " ind2="7" tag="655"><subfield code="a">Newspapers.</subfield><subfield code="2">fast</subfield><subfield code="0">(OCoLC)fst01423814</subfield></datafield><datafield ind1=" " ind2="7" tag="651"><subfield code="a">Florida</subfield><subfield code="z">Cedar Key.</subfield><subfield code="2">fast</subfield><subfield code="0">(OCoLC)fst01222151</subfield></datafield><datafield ind1=" " ind2="7" tag="651"><subfield code="a">Florida</subfield><subfield code="z">Levy County.</subfield><subfield code="2">fast</subfield><subfield code="0">(OCoLC)fst01220709</subfield></datafield><datafield ind1=" " ind2=" " tag="752"><subfield code="a">United States</subfield><subfield code="b">Florida</subfield><subfield code="c">Levy</subfield><subfield code="d">Cedar Key.</subfield></datafield><datafield ind1="0" ind2="0" tag="785"><subfield code="t">Telegraph (Cedar Key, Fla.)</subfield><subfield code="w">(DLC)sn 95026896</subfield><subfield code="w">(OCoLC)32854258</subfield></datafield><datafield ind1=" " ind2=" " tag="850"><subfield code="a">FU</subfield></datafield></record>